<record><leader>00000cas a22000007a 4500</leader><controlfield tag="001">10308019</controlfield><controlfield tag="008">840117d17951797meuwr ne      0    0eng d</controlfield><datafield ind1=" " ind2=" " tag="010"><subfield code="a">sn 84022175 </subfield></datafield><datafield ind1=" " ind2=" " tag="040"><subfield code="a">NPX</subfield><subfield code="b">eng</subfield><subfield code="c">NPX</subfield><subfield code="d">DLC</subfield><subfield code="d">MGN</subfield><subfield code="d">MBN</subfield><subfield code="d">OCL</subfield><subfield code="d">OCLCG</subfield><subfield code="d">OCLCA</subfield><subfield code="d">OCLCQ</subfield><subfield code="d">OCLCO</subfield><subfield code="d">OCLCA</subfield><subfield code="d">OCLCF</subfield></datafield><datafield ind1="1" ind2=" " tag="029"><subfield code="a">AU@</subfield><subfield code="b">000020128826</subfield></datafield><datafield ind1=" " ind2=" " tag="042"><subfield code="a">msc</subfield></datafield><datafield ind1=" " ind2=" " tag="043"><subfield code="a">n-us-me</subfield></datafield><datafield ind1="0" ind2="0" tag="050"><subfield code="a">Newspaper</subfield></datafield><datafield ind1="0" ind2=" " tag="130"><subfield code="a">Tocsin (Hallowell, Me.)</subfield></datafield><datafield ind1="1" ind2="4" tag="245"><subfield code="a">The tocsin.</subfield></datafield><datafield ind1=" " ind2=" " tag="260"><subfield code="a">Hallowell, Me. :</subfield><subfield code="b">Wait, Robinson &amp; Baker</subfield></datafield><datafield ind1=" " ind2=" " tag="300"><subfield code="a">volumes ;</subfield><subfield code="c">64 cm</subfield></datafield><datafield ind1=" " ind2=" " tag="310"><subfield code="a">Weekly</subfield></datafield><datafield ind1=" " ind2=" " tag="336"><subfield code="a">text</subfield><subfield code="b">txt</subfield><subfield code="2">rdacontent</subfield></datafield><datafield ind1=" " ind2=" " tag="337"><subfield code="a">unmediated</subfield><subfield code="b">n</subfield><subfield code="2">rdamedia</subfield></datafield><datafield ind1=" " ind2=" " tag="338"><subfield code="a">volume</subfield><subfield code="b">nc</subfield><subfield code="2">rdacarrier</subfield></datafield><datafield ind1="0" ind2=" " tag="362"><subfield code="a">Aug. 4, 1795-</subfield></datafield><datafield ind1="1" ind2=" " tag="362"><subfield code="a">Ceased in 1797.</subfield></datafield><datafield ind1=" " ind2=" " tag="500"><subfield code="a">Publishers: Wait, Robinson &amp; Baker, 1795-1796; Benjamin Poor, 1796-1797.</subfield></datafield><datafield ind1=" " ind2="0" tag="651"><subfield code="a">Hallowell (Me.)</subfield><subfield code="v">Newspapers.</subfield></datafield><datafield ind1=" " ind2="7" tag="655"><subfield code="a">Newspapers.</subfield><subfield code="2">fast</subfield><subfield code="0">(OCoLC)fst01423814</subfield></datafield><datafield ind1=" " ind2="7" tag="651"><subfield code="a">Maine</subfield><subfield code="z">Hallowell.</subfield><subfield code="2">fast</subfield><subfield code="0">(OCoLC)fst01229888</subfield></datafield><datafield ind1="1" ind2=" " tag="700"><subfield code="a">Baker, John Kelse,</subfield><subfield code="d">1773 or 1774-1842.</subfield></datafield><datafield ind1="1" ind2=" " tag="700"><subfield code="a">Poor, Benjamin.</subfield></datafield><datafield ind1="1" ind2=" " tag="700"><subfield code="a">Robinson, Howard Smith.</subfield></datafield><datafield ind1="1" ind2=" " tag="700"><subfield code="a">Wait, Thomas Baker,</subfield><subfield code="d">1762-1830.</subfield></datafield><datafield ind1=" " ind2=" " tag="752"><subfield code="a">United States</subfield><subfield code="b">Maine</subfield><subfield code="c">Kennebec</subfield><subfield code="d">Hallowell.</subfield></datafield><datafield ind1="0" ind2="0" tag="780"><subfield code="t">Eastern star (Hallowell, Me.)</subfield><subfield code="w">(DLC)sn 84022174</subfield></datafield></record>